<?xml version="1.0" encoding="UTF-8"?><collection xmlns="http://www.loc.gov/MARC21/slim"><record><leader>00372nam--2200133-i-4500</leader><controlfield tag="001">000030334</controlfield><controlfield tag="002">20161230</controlfield><controlfield tag="005">20161230201038</controlfield><controlfield tag="008">060222s1000------------r-----000-0-eng-d</controlfield><datafield ind1=" " ind2=" " tag="100"><subfield code="a">Katz, Joseph J</subfield></datafield><datafield ind1=" " ind2=" " tag="260"><subfield code="a">Light-induced.Charge Separation In Biology And Chemistry</subfield></datafield><datafield ind1=" " ind2=" " tag="490"><subfield code="a">Life Science Research Report</subfield></datafield><datafield ind1=" " ind2=" " tag="700"><subfield code="a">Gerischer, Heinz</subfield></datafield><datafield ind1=" " ind2=" " tag="852"><subfield code="a">577.354.2:577.355(061.3)</subfield></datafield></record></collection>